%YAML 1.1
%TAG !u! tag:unity3d.com,2011:
--- !u!65 &2244748272269771182
BoxCollider:
  m_ObjectHideFlags: 0
  m_CorrespondingSourceObject: {fileID: 0}
  m_PrefabInstance: {fileID: 0}
  m_PrefabAsset: {fileID: 0}
  m_GameObject: {fileID: 532680953379963231}
  m_Material: {fileID: 0}
  m_IsTrigger: 1
  m_Enabled: 1
  serializedVersion: 2
  m_Size: {x: 2.1386092, y: 2.1671228, z: 3.199999}
  m_Center: {x: 0, y: -0.000000059604634, z: 0}
--- !u!114 &361010141719072517
MonoBehaviour:
  m_ObjectHideFlags: 0
  m_CorrespondingSourceObject: {fileID: 0}
  m_PrefabInstance: {fileID: 0}
  m_PrefabAsset: {fileID: 0}
  m_GameObject: {fileID: 532680953379963231}
  m_Enabled: 1
  m_EditorHideFlags: 0
  m_Script: {fileID: 11500000, guid: 89acb72c32fe4314cbb10101594fc149, type: 3}
  m_Name: 
  m_EditorClassIdentifier: 
--- !u!1 &1841222933638424010
GameObject:
  m_ObjectHideFlags: 0
  m_CorrespondingSourceObject: {fileID: 0}
  m_PrefabInstance: {fileID: 0}
  m_PrefabAsset: {fileID: 0}
  serializedVersion: 6
  m_Component:
  - component: {fileID: 1841222933638424011}
  - component: {fileID: 1841222933638423862}
  - component: {fileID: 1841222933638423861}
  - component: {fileID: 1841222933638423860}
  - component: {fileID: 9107349652935512033}
  - component: {fileID: 2054451661986387422}
  m_Layer: 0
  m_Name: Platform
  m_TagString: Untagged
  m_Icon: {fileID: 0}
  m_NavMeshLayer: 0
  m_StaticEditorFlags: 0
  m_IsActive: 1
--- !u!4 &1841222933638424011
Transform:
  m_ObjectHideFlags: 0
  m_CorrespondingSourceObject: {fileID: 0}
  m_PrefabInstance: {fileID: 0}
  m_PrefabAsset: {fileID: 0}
  m_GameObject: {fileID: 1841222933638424010}
  m_LocalRotation: {x: -0, y: -0, z: -0, w: 1}
  m_LocalPosition: {x: 7.5512, y: 4.1990356, z: -0.0796}
  m_LocalScale: {x: 1.5, y: 0.001, z: 1.5}
  m_Children:
  - {fileID: 532680953379937663}
  - {fileID: 996876720793947795}
  m_Father: {fileID: 0}
  m_RootOrder: 0
  m_LocalEulerAnglesHint: {x: 0, y: 0, z: 0}
--- !u!33 &1841222933638423862
MeshFilter:
  m_ObjectHideFlags: 0
  m_CorrespondingSourceObject: {fileID: 0}
  m_PrefabInstance: {fileID: 0}
  m_PrefabAsset: {fileID: 0}
  m_GameObject: {fileID: 1841222933638424010}
  m_Mesh: {fileID: 10202, guid: 0000000000000000e000000000000000, type: 0}
--- !u!23 &1841222933638423861
MeshRenderer:
  m_ObjectHideFlags: 0
  m_CorrespondingSourceObject: {fileID: 0}
  m_PrefabInstance: {fileID: 0}
  m_PrefabAsset: {fileID: 0}
  m_GameObject: {fileID: 1841222933638424010}
  m_Enabled: 1
  m_CastShadows: 1
  m_ReceiveShadows: 1
  m_DynamicOccludee: 1
  m_MotionVectors: 1
  m_LightProbeUsage: 1
  m_ReflectionProbeUsage: 1
  m_RenderingLayerMask: 1
  m_RendererPriority: 0
  m_Materials:
  - {fileID: 2100000, guid: 725350ae820518445ac8b04aa7ba60ac, type: 2}
  m_StaticBatchInfo:
    firstSubMesh: 0
    subMeshCount: 0
  m_StaticBatchRoot: {fileID: 0}
  m_ProbeAnchor: {fileID: 0}
  m_LightProbeVolumeOverride: {fileID: 0}
  m_ScaleInLightmap: 1
  m_PreserveUVs: 0
  m_IgnoreNormalsForChartDetection: 0
  m_ImportantGI: 0
  m_StitchLightmapSeams: 0
  m_SelectedEditorRenderState: 3
  m_MinimumChartSize: 4
  m_AutoUVMaxDistance: 0.5
  m_AutoUVMaxAngle: 89
  m_LightmapParameters: {fileID: 0}
  m_SortingLayerID: 0
  m_SortingLayer: 0
  m_SortingOrder: 0
--- !u!65 &1841222933638423860
BoxCollider:
  m_ObjectHideFlags: 0
  m_CorrespondingSourceObject: {fileID: 0}
  m_PrefabInstance: {fileID: 0}
  m_PrefabAsset: {fileID: 0}
  m_GameObject: {fileID: 1841222933638424010}
  m_Material: {fileID: 0}
  m_IsTrigger: 0
  m_Enabled: 1
  serializedVersion: 2
  m_Size: {x: 1, y: 1, z: 1}
  m_Center: {x: 0, y: 0, z: 0}
--- !u!114 &9107349652935512033
MonoBehaviour:
  m_ObjectHideFlags: 0
  m_CorrespondingSourceObject: {fileID: 0}
  m_PrefabInstance: {fileID: 0}
  m_PrefabAsset: {fileID: 0}
  m_GameObject: {fileID: 1841222933638424010}
  m_Enabled: 1
  m_EditorHideFlags: 0
  m_Script: {fileID: 11500000, guid: deaab925173dad14bb0b457f95a31846, type: 3}
  m_Name: 
  m_EditorClassIdentifier: 
  anim: {fileID: 2054451661986387422}
--- !u!95 &2054451661986387422
Animator:
  serializedVersion: 3
  m_ObjectHideFlags: 0
  m_CorrespondingSourceObject: {fileID: 0}
  m_PrefabInstance: {fileID: 0}
  m_PrefabAsset: {fileID: 0}
  m_GameObject: {fileID: 1841222933638424010}
  m_Enabled: 1
  m_Avatar: {fileID: 0}
  m_Controller: {fileID: 9100000, guid: 7eb5ab6c554b0344b8167b7d5825040e, type: 2}
  m_CullingMode: 0
  m_UpdateMode: 0
  m_ApplyRootMotion: 0
  m_LinearVelocityBlending: 0
  m_WarningMessage: 
  m_HasTransformHierarchy: 1
  m_AllowConstantClipSamplingOptimization: 1
  m_KeepAnimatorControllerStateOnDisable: 0
--- !u!1 &6386554340845581556
GameObject:
  m_ObjectHideFlags: 0
  m_CorrespondingSourceObject: {fileID: 0}
  m_PrefabInstance: {fileID: 0}
  m_PrefabAsset: {fileID: 0}
  serializedVersion: 6
  m_Component:
  - component: {fileID: 996876720793947795}
  m_Layer: 0
  m_Name: Hits
  m_TagString: Untagged
  m_Icon: {fileID: 0}
  m_NavMeshLayer: 0
  m_StaticEditorFlags: 0
  m_IsActive: 1
--- !u!4 &996876720793947795
Transform:
  m_ObjectHideFlags: 0
  m_CorrespondingSourceObject: {fileID: 0}
  m_PrefabInstance: {fileID: 0}
  m_PrefabAsset: {fileID: 0}
  m_GameObject: {fileID: 6386554340845581556}
  m_LocalRotation: {x: 0, y: 0, z: 0, w: 1}
  m_LocalPosition: {x: -0.00946649, y: 406.9643, z: 0.3570667}
  m_LocalScale: {x: 1, y: 1, z: 1}
  m_Children:
  - {fileID: 7061408727079664084}
  - {fileID: 1783350023950041516}
  - {fileID: 3247742223106142679}
  - {fileID: 5224169642781488524}
  - {fileID: 2479457398339029028}
  m_Father: {fileID: 1841222933638424011}
  m_RootOrder: 1
  m_LocalEulerAnglesHint: {x: 0, y: 0, z: 0}
--- !u!1001 &532680953380063231
PrefabInstance:
  m_ObjectHideFlags: 0
  serializedVersion: 2
  m_Modification:
    m_TransformParent: {fileID: 1841222933638424011}
    m_Modifications:
    - target: {fileID: 100000, guid: 911b2aca4190de843ba6fc029bf3734d, type: 3}
      propertyPath: m_Name
      value: Diamond
      objectReference: {fileID: 0}
    - target: {fileID: 100000, guid: 911b2aca4190de843ba6fc029bf3734d, type: 3}
      propertyPath: m_IsActive
      value: 0
      objectReference: {fileID: 0}
    - target: {fileID: 400000, guid: 911b2aca4190de843ba6fc029bf3734d, type: 3}
      propertyPath: m_LocalPosition.x
      value: -0.00946649
      objectReference: {fileID: 0}
    - target: {fileID: 400000, guid: 911b2aca4190de843ba6fc029bf3734d, type: 3}
      propertyPath: m_LocalPosition.y
      value: 406.9643
      objectReference: {fileID: 0}
    - target: {fileID: 400000, guid: 911b2aca4190de843ba6fc029bf3734d, type: 3}
      propertyPath: m_LocalPosition.z
      value: 0.3570667
      objectReference: {fileID: 0}
    - target: {fileID: 400000, guid: 911b2aca4190de843ba6fc029bf3734d, type: 3}
      propertyPath: m_LocalRotation.x
      value: -0.7071068
      objectReference: {fileID: 0}
    - target: {fileID: 400000, guid: 911b2aca4190de843ba6fc029bf3734d, type: 3}
      propertyPath: m_LocalRotation.y
      value: -0
      objectReference: {fileID: 0}
    - target: {fileID: 400000, guid: 911b2aca4190de843ba6fc029bf3734d, type: 3}
      propertyPath: m_LocalRotation.z
      value: -0
      objectReference: {fileID: 0}
    - target: {fileID: 400000, guid: 911b2aca4190de843ba6fc029bf3734d, type: 3}
      propertyPath: m_LocalRotation.w
      value: 0.7071067
      objectReference: {fileID: 0}
    - target: {fileID: 400000, guid: 911b2aca4190de843ba6fc029bf3734d, type: 3}
      propertyPath: m_RootOrder
      value: 0
      objectReference: {fileID: 0}
    - target: {fileID: 400000, guid: 911b2aca4190de843ba6fc029bf3734d, type: 3}
      propertyPath: m_LocalEulerAnglesHint.x
      value: 0
      objectReference: {fileID: 0}
    - target: {fileID: 400000, guid: 911b2aca4190de843ba6fc029bf3734d, type: 3}
      propertyPath: m_LocalEulerAnglesHint.y
      value: 0
      objectReference: {fileID: 0}
    - target: {fileID: 400000, guid: 911b2aca4190de843ba6fc029bf3734d, type: 3}
      propertyPath: m_LocalEulerAnglesHint.z
      value: 0
      objectReference: {fileID: 0}
    - target: {fileID: 400000, guid: 911b2aca4190de843ba6fc029bf3734d, type: 3}
      propertyPath: m_LocalScale.x
      value: 0.13409334
      objectReference: {fileID: 0}
    - target: {fileID: 400000, guid: 911b2aca4190de843ba6fc029bf3734d, type: 3}
      propertyPath: m_LocalScale.y
      value: 0.1340933
      objectReference: {fileID: 0}
    - target: {fileID: 400000, guid: 911b2aca4190de843ba6fc029bf3734d, type: 3}
      propertyPath: m_LocalScale.z
      value: 201.13994
      objectReference: {fileID: 0}
    m_RemovedComponents: []
  m_SourcePrefab: {fileID: 100100000, guid: 911b2aca4190de843ba6fc029bf3734d, type: 3}
--- !u!1 &532680953379963231 stripped
GameObject:
  m_CorrespondingSourceObject: {fileID: 100000, guid: 911b2aca4190de843ba6fc029bf3734d,
    type: 3}
  m_PrefabInstance: {fileID: 532680953380063231}
  m_PrefabAsset: {fileID: 0}
--- !u!4 &532680953379937663 stripped
Transform:
  m_CorrespondingSourceObject: {fileID: 400000, guid: 911b2aca4190de843ba6fc029bf3734d,
    type: 3}
  m_PrefabInstance: {fileID: 532680953380063231}
  m_PrefabAsset: {fileID: 0}
--- !u!1001 &1783350023950251300
PrefabInstance:
  m_ObjectHideFlags: 0
  serializedVersion: 2
  m_Modification:
    m_TransformParent: {fileID: 996876720793947795}
    m_Modifications:
    - target: {fileID: 123640, guid: 9242b15a276bc5a4babd09239e5fa709, type: 3}
      propertyPath: m_Name
      value: Hit_02
      objectReference: {fileID: 0}
    - target: {fileID: 123640, guid: 9242b15a276bc5a4babd09239e5fa709, type: 3}
      propertyPath: m_IsActive
      value: 1
      objectReference: {fileID: 0}
    - target: {fileID: 472200, guid: 9242b15a276bc5a4babd09239e5fa709, type: 3}
      propertyPath: m_LocalPosition.x
      value: 0
      objectReference: {fileID: 0}
    - target: {fileID: 472200, guid: 9242b15a276bc5a4babd09239e5fa709, type: 3}
      propertyPath: m_LocalPosition.y
      value: 0
      objectReference: {fileID: 0}
    - target: {fileID: 472200, guid: 9242b15a276bc5a4babd09239e5fa709, type: 3}
      propertyPath: m_LocalPosition.z
      value: 0
      objectReference: {fileID: 0}
    - target: {fileID: 472200, guid: 9242b15a276bc5a4babd09239e5fa709, type: 3}
      propertyPath: m_LocalRotation.x
      value: -0
      objectReference: {fileID: 0}
    - target: {fileID: 472200, guid: 9242b15a276bc5a4babd09239e5fa709, type: 3}
      propertyPath: m_LocalRotation.y
      value: -0
      objectReference: {fileID: 0}
    - target: {fileID: 472200, guid: 9242b15a276bc5a4babd09239e5fa709, type: 3}
      propertyPath: m_LocalRotation.z
      value: -0
      objectReference: {fileID: 0}
    - target: {fileID: 472200, guid: 9242b15a276bc5a4babd09239e5fa709, type: 3}
      propertyPath: m_LocalRotation.w
      value: 1
      objectReference: {fileID: 0}
    - target: {fileID: 472200, guid: 9242b15a276bc5a4babd09239e5fa709, type: 3}
      propertyPath: m_RootOrder
      value: 1
      objectReference: {fileID: 0}
    - target: {fileID: 472200, guid: 9242b15a276bc5a4babd09239e5fa709, type: 3}
      propertyPath: m_LocalEulerAnglesHint.x
      value: 0
      objectReference: {fileID: 0}
    - target: {fileID: 472200, guid: 9242b15a276bc5a4babd09239e5fa709, type: 3}
      propertyPath: m_LocalEulerAnglesHint.y
      value: 0
      objectReference: {fileID: 0}
    - target: {fileID: 472200, guid: 9242b15a276bc5a4babd09239e5fa709, type: 3}
      propertyPath: m_LocalEulerAnglesHint.z
      value: 0
      objectReference: {fileID: 0}
    - target: {fileID: 472200, guid: 9242b15a276bc5a4babd09239e5fa709, type: 3}
      propertyPath: m_LocalScale.x
      value: 0.06666667
      objectReference: {fileID: 0}
    - target: {fileID: 472200, guid: 9242b15a276bc5a4babd09239e5fa709, type: 3}
      propertyPath: m_LocalScale.y
      value: 100
      objectReference: {fileID: 0}
    - target: {fileID: 472200, guid: 9242b15a276bc5a4babd09239e5fa709, type: 3}
      propertyPath: m_LocalScale.z
      value: 0.06666667
      objectReference: {fileID: 0}
    - target: {fileID: 472106, guid: 9242b15a276bc5a4babd09239e5fa709, type: 3}
      propertyPath: m_LocalScale.x
      value: 0.5
      objectReference: {fileID: 0}
    - target: {fileID: 472106, guid: 9242b15a276bc5a4babd09239e5fa709, type: 3}
      propertyPath: m_LocalScale.y
      value: 0.5
      objectReference: {fileID: 0}
    - target: {fileID: 472106, guid: 9242b15a276bc5a4babd09239e5fa709, type: 3}
      propertyPath: m_LocalScale.z
      value: 0.5
      objectReference: {fileID: 0}
    - target: {fileID: 421274, guid: 9242b15a276bc5a4babd09239e5fa709, type: 3}
      propertyPath: m_LocalScale.x
      value: 0.5
      objectReference: {fileID: 0}
    - target: {fileID: 421274, guid: 9242b15a276bc5a4babd09239e5fa709, type: 3}
      propertyPath: m_LocalScale.y
      value: 0.5
      objectReference: {fileID: 0}
    - target: {fileID: 421274, guid: 9242b15a276bc5a4babd09239e5fa709, type: 3}
      propertyPath: m_LocalScale.z
      value: 0.5
      objectReference: {fileID: 0}
    - target: {fileID: 410860, guid: 9242b15a276bc5a4babd09239e5fa709, type: 3}
      propertyPath: m_LocalScale.x
      value: 0.5
      objectReference: {fileID: 0}
    - target: {fileID: 410860, guid: 9242b15a276bc5a4babd09239e5fa709, type: 3}
      propertyPath: m_LocalScale.y
      value: 0.5
      objectReference: {fileID: 0}
    - target: {fileID: 410860, guid: 9242b15a276bc5a4babd09239e5fa709, type: 3}
      propertyPath: m_LocalScale.z
      value: 0.5
      objectReference: {fileID: 0}
    - target: {fileID: 439566, guid: 9242b15a276bc5a4babd09239e5fa709, type: 3}
      propertyPath: m_LocalScale.x
      value: 0.5
      objectReference: {fileID: 0}
    - target: {fileID: 439566, guid: 9242b15a276bc5a4babd09239e5fa709, type: 3}
      propertyPath: m_LocalScale.y
      value: 0.5
      objectReference: {fileID: 0}
    - target: {fileID: 439566, guid: 9242b15a276bc5a4babd09239e5fa709, type: 3}
      propertyPath: m_LocalScale.z
      value: 0.5
      objectReference: {fileID: 0}
    - target: {fileID: 427572, guid: 9242b15a276bc5a4babd09239e5fa709, type: 3}
      propertyPath: m_LocalScale.x
      value: 0.5
      objectReference: {fileID: 0}
    - target: {fileID: 427572, guid: 9242b15a276bc5a4babd09239e5fa709, type: 3}
      propertyPath: m_LocalScale.y
      value: 0.5
      objectReference: {fileID: 0}
    - target: {fileID: 427572, guid: 9242b15a276bc5a4babd09239e5fa709, type: 3}
      propertyPath: m_LocalScale.z
      value: 0.5
      objectReference: {fileID: 0}
    - target: {fileID: 19853668, guid: 9242b15a276bc5a4babd09239e5fa709, type: 3}
      propertyPath: playOnAwake
      value: 0
      objectReference: {fileID: 0}
    m_RemovedComponents: []
  m_SourcePrefab: {fileID: 100100000, guid: 9242b15a276bc5a4babd09239e5fa709, type: 3}
--- !u!4 &1783350023950041516 stripped
Transform:
  m_CorrespondingSourceObject: {fileID: 472200, guid: 9242b15a276bc5a4babd09239e5fa709,
    type: 3}
  m_PrefabInstance: {fileID: 1783350023950251300}
  m_PrefabAsset: {fileID: 0}
--- !u!1001 &2479457398338623678
PrefabInstance:
  m_ObjectHideFlags: 0
  serializedVersion: 2
  m_Modification:
    m_TransformParent: {fileID: 996876720793947795}
    m_Modifications:
    - target: {fileID: 153390, guid: 3c2d41265118fc14f8065fbfc45391d0, type: 3}
      propertyPath: m_Name
      value: Hit_05
      objectReference: {fileID: 0}
    - target: {fileID: 153390, guid: 3c2d41265118fc14f8065fbfc45391d0, type: 3}
      propertyPath: m_IsActive
      value: 1
      objectReference: {fileID: 0}
    - target: {fileID: 413850, guid: 3c2d41265118fc14f8065fbfc45391d0, type: 3}
      propertyPath: m_LocalPosition.x
      value: 0
      objectReference: {fileID: 0}
    - target: {fileID: 413850, guid: 3c2d41265118fc14f8065fbfc45391d0, type: 3}
      propertyPath: m_LocalPosition.y
      value: 0
      objectReference: {fileID: 0}
    - target: {fileID: 413850, guid: 3c2d41265118fc14f8065fbfc45391d0, type: 3}
      propertyPath: m_LocalPosition.z
      value: 0
      objectReference: {fileID: 0}
    - target: {fileID: 413850, guid: 3c2d41265118fc14f8065fbfc45391d0, type: 3}
      propertyPath: m_LocalRotation.x
      value: -0
      objectReference: {fileID: 0}
    - target: {fileID: 413850, guid: 3c2d41265118fc14f8065fbfc45391d0, type: 3}
      propertyPath: m_LocalRotation.y
      value: -0
      objectReference: {fileID: 0}
    - target: {fileID: 413850, guid: 3c2d41265118fc14f8065fbfc45391d0, type: 3}
      propertyPath: m_LocalRotation.z
      value: -0
      objectReference: {fileID: 0}
    - target: {fileID: 413850, guid: 3c2d41265118fc14f8065fbfc45391d0, type: 3}
      propertyPath: m_LocalRotation.w
      value: 1
      objectReference: {fileID: 0}
    - target: {fileID: 413850, guid: 3c2d41265118fc14f8065fbfc45391d0, type: 3}
      propertyPath: m_RootOrder
      value: 4
      objectReference: {fileID: 0}
    - target: {fileID: 413850, guid: 3c2d41265118fc14f8065fbfc45391d0, type: 3}
      propertyPath: m_LocalEulerAnglesHint.x
      value: 0
      objectReference: {fileID: 0}
    - target: {fileID: 413850, guid: 3c2d41265118fc14f8065fbfc45391d0, type: 3}
      propertyPath: m_LocalEulerAnglesHint.y
      value: 0
      objectReference: {fileID: 0}
    - target: {fileID: 413850, guid: 3c2d41265118fc14f8065fbfc45391d0, type: 3}
      propertyPath: m_LocalEulerAnglesHint.z
      value: 0
      objectReference: {fileID: 0}
    - target: {fileID: 413850, guid: 3c2d41265118fc14f8065fbfc45391d0, type: 3}
      propertyPath: m_LocalScale.x
      value: 0.06666667
      objectReference: {fileID: 0}
    - target: {fileID: 413850, guid: 3c2d41265118fc14f8065fbfc45391d0, type: 3}
      propertyPath: m_LocalScale.y
      value: 100
      objectReference: {fileID: 0}
    - target: {fileID: 413850, guid: 3c2d41265118fc14f8065fbfc45391d0, type: 3}
      propertyPath: m_LocalScale.z
      value: 0.06666667
      objectReference: {fileID: 0}
    - target: {fileID: 403738, guid: 3c2d41265118fc14f8065fbfc45391d0, type: 3}
      propertyPath: m_LocalScale.x
      value: 0.5
      objectReference: {fileID: 0}
    - target: {fileID: 403738, guid: 3c2d41265118fc14f8065fbfc45391d0, type: 3}
      propertyPath: m_LocalScale.y
      value: 0.5
      objectReference: {fileID: 0}
    - target: {fileID: 403738, guid: 3c2d41265118fc14f8065fbfc45391d0, type: 3}
      propertyPath: m_LocalScale.z
      value: 0.5
      objectReference: {fileID: 0}
    - target: {fileID: 416828, guid: 3c2d41265118fc14f8065fbfc45391d0, type: 3}
      propertyPath: m_LocalScale.x
      value: 0.5
      objectReference: {fileID: 0}
    - target: {fileID: 416828, guid: 3c2d41265118fc14f8065fbfc45391d0, type: 3}
      propertyPath: m_LocalScale.y
      value: 0.5
      objectReference: {fileID: 0}
    - target: {fileID: 416828, guid: 3c2d41265118fc14f8065fbfc45391d0, type: 3}
      propertyPath: m_LocalScale.z
      value: 0.5
      objectReference: {fileID: 0}
    - target: {fileID: 439884, guid: 3c2d41265118fc14f8065fbfc45391d0, type: 3}
      propertyPath: m_LocalScale.x
      value: 0.5
      objectReference: {fileID: 0}
    - target: {fileID: 439884, guid: 3c2d41265118fc14f8065fbfc45391d0, type: 3}
      propertyPath: m_LocalScale.y
      value: 0.5
      objectReference: {fileID: 0}
    - target: {fileID: 439884, guid: 3c2d41265118fc14f8065fbfc45391d0, type: 3}
      propertyPath: m_LocalScale.z
      value: 0.5
      objectReference: {fileID: 0}
    - target: {fileID: 460400, guid: 3c2d41265118fc14f8065fbfc45391d0, type: 3}
      propertyPath: m_LocalScale.x
      value: 0.5
      objectReference: {fileID: 0}
    - target: {fileID: 460400, guid: 3c2d41265118fc14f8065fbfc45391d0, type: 3}
      propertyPath: m_LocalScale.y
      value: 0.5
      objectReference: {fileID: 0}
    - target: {fileID: 460400, guid: 3c2d41265118fc14f8065fbfc45391d0, type: 3}
      propertyPath: m_LocalScale.z
      value: 0.5
      objectReference: {fileID: 0}
    - target: {fileID: 485892, guid: 3c2d41265118fc14f8065fbfc45391d0, type: 3}
      propertyPath: m_LocalScale.x
      value: 0.5
      objectReference: {fileID: 0}
    - target: {fileID: 485892, guid: 3c2d41265118fc14f8065fbfc45391d0, type: 3}
      propertyPath: m_LocalScale.y
      value: 0.5
      objectReference: {fileID: 0}
    - target: {fileID: 485892, guid: 3c2d41265118fc14f8065fbfc45391d0, type: 3}
      propertyPath: m_LocalScale.z
      value: 0.5
      objectReference: {fileID: 0}
    - target: {fileID: 19831790, guid: 3c2d41265118fc14f8065fbfc45391d0, type: 3}
      propertyPath: playOnAwake
      value: 0
      objectReference: {fileID: 0}
    m_RemovedComponents: []
  m_SourcePrefab: {fileID: 100100000, guid: 3c2d41265118fc14f8065fbfc45391d0, type: 3}
--- !u!4 &2479457398339029028 stripped
Transform:
  m_CorrespondingSourceObject: {fileID: 413850, guid: 3c2d41265118fc14f8065fbfc45391d0,
    type: 3}
  m_PrefabInstance: {fileID: 2479457398338623678}
  m_PrefabAsset: {fileID: 0}
--- !u!1001 &3247742223105772151
PrefabInstance:
  m_ObjectHideFlags: 0
  serializedVersion: 2
  m_Modification:
    m_TransformParent: {fileID: 996876720793947795}
    m_Modifications:
    - target: {fileID: 138338, guid: cd1ff9e92aad8ac4db78b6ffd5f1eab7, type: 3}
      propertyPath: m_Name
      value: Hit_03
      objectReference: {fileID: 0}
    - target: {fileID: 138338, guid: cd1ff9e92aad8ac4db78b6ffd5f1eab7, type: 3}
      propertyPath: m_IsActive
      value: 1
      objectReference: {fileID: 0}
    - target: {fileID: 441248, guid: cd1ff9e92aad8ac4db78b6ffd5f1eab7, type: 3}
      propertyPath: m_LocalPosition.x
      value: 0
      objectReference: {fileID: 0}
    - target: {fileID: 441248, guid: cd1ff9e92aad8ac4db78b6ffd5f1eab7, type: 3}
      propertyPath: m_LocalPosition.y
      value: 0
      objectReference: {fileID: 0}
    - target: {fileID: 441248, guid: cd1ff9e92aad8ac4db78b6ffd5f1eab7, type: 3}
      propertyPath: m_LocalPosition.z
      value: 0
      objectReference: {fileID: 0}
    - target: {fileID: 441248, guid: cd1ff9e92aad8ac4db78b6ffd5f1eab7, type: 3}
      propertyPath: m_LocalRotation.x
      value: -0
      objectReference: {fileID: 0}
    - target: {fileID: 441248, guid: cd1ff9e92aad8ac4db78b6ffd5f1eab7, type: 3}
      propertyPath: m_LocalRotation.y
      value: -0
      objectReference: {fileID: 0}
    - target: {fileID: 441248, guid: cd1ff9e92aad8ac4db78b6ffd5f1eab7, type: 3}
      propertyPath: m_LocalRotation.z
      value: -0
      objectReference: {fileID: 0}
    - target: {fileID: 441248, guid: cd1ff9e92aad8ac4db78b6ffd5f1eab7, type: 3}
      propertyPath: m_LocalRotation.w
      value: 1
      objectReference: {fileID: 0}
    - target: {fileID: 441248, guid: cd1ff9e92aad8ac4db78b6ffd5f1eab7, type: 3}
      propertyPath: m_RootOrder
      value: 2
      objectReference: {fileID: 0}
    - target: {fileID: 441248, guid: cd1ff9e92aad8ac4db78b6ffd5f1eab7, type: 3}
      propertyPath: m_LocalEulerAnglesHint.x
      value: 0
      objectReference: {fileID: 0}
    - target: {fileID: 441248, guid: cd1ff9e92aad8ac4db78b6ffd5f1eab7, type: 3}
      propertyPath: m_LocalEulerAnglesHint.y
      value: 0
      objectReference: {fileID: 0}
    - target: {fileID: 441248, guid: cd1ff9e92aad8ac4db78b6ffd5f1eab7, type: 3}
      propertyPath: m_LocalEulerAnglesHint.z
      value: 0
      objectReference: {fileID: 0}
    - target: {fileID: 441248, guid: cd1ff9e92aad8ac4db78b6ffd5f1eab7, type: 3}
      propertyPath: m_LocalScale.x
      value: 0.06666667
      objectReference: {fileID: 0}
    - target: {fileID: 441248, guid: cd1ff9e92aad8ac4db78b6ffd5f1eab7, type: 3}
      propertyPath: m_LocalScale.y
      value: 100
      objectReference: {fileID: 0}
    - target: {fileID: 441248, guid: cd1ff9e92aad8ac4db78b6ffd5f1eab7, type: 3}
      propertyPath: m_LocalScale.z
      value: 0.06666667
      objectReference: {fileID: 0}
    - target: {fileID: 498552, guid: cd1ff9e92aad8ac4db78b6ffd5f1eab7, type: 3}
      propertyPath: m_LocalScale.x
      value: 0.5
      objectReference: {fileID: 0}
    - target: {fileID: 498552, guid: cd1ff9e92aad8ac4db78b6ffd5f1eab7, type: 3}
      propertyPath: m_LocalScale.y
      value: 0.5
      objectReference: {fileID: 0}
    - target: {fileID: 498552, guid: cd1ff9e92aad8ac4db78b6ffd5f1eab7, type: 3}
      propertyPath: m_LocalScale.z
      value: 0.5
      objectReference: {fileID: 0}
    - target: {fileID: 443612, guid: cd1ff9e92aad8ac4db78b6ffd5f1eab7, type: 3}
      propertyPath: m_LocalScale.x
      value: 0.5
      objectReference: {fileID: 0}
    - target: {fileID: 443612, guid: cd1ff9e92aad8ac4db78b6ffd5f1eab7, type: 3}
      propertyPath: m_LocalScale.y
      value: 0.5
      objectReference: {fileID: 0}
    - target: {fileID: 443612, guid: cd1ff9e92aad8ac4db78b6ffd5f1eab7, type: 3}
      propertyPath: m_LocalScale.z
      value: 0.5
      objectReference: {fileID: 0}
    - target: {fileID: 440358, guid: cd1ff9e92aad8ac4db78b6ffd5f1eab7, type: 3}
      propertyPath: m_LocalScale.x
      value: 0.5
      objectReference: {fileID: 0}
    - target: {fileID: 440358, guid: cd1ff9e92aad8ac4db78b6ffd5f1eab7, type: 3}
      propertyPath: m_LocalScale.y
      value: 0.5
      objectReference: {fileID: 0}
    - target: {fileID: 440358, guid: cd1ff9e92aad8ac4db78b6ffd5f1eab7, type: 3}
      propertyPath: m_LocalScale.z
      value: 0.5
      objectReference: {fileID: 0}
    - target: {fileID: 413002, guid: cd1ff9e92aad8ac4db78b6ffd5f1eab7, type: 3}
      propertyPath: m_LocalScale.x
      value: 0.5
      objectReference: {fileID: 0}
    - target: {fileID: 413002, guid: cd1ff9e92aad8ac4db78b6ffd5f1eab7, type: 3}
      propertyPath: m_LocalScale.y
      value: 0.5
      objectReference: {fileID: 0}
    - target: {fileID: 413002, guid: cd1ff9e92aad8ac4db78b6ffd5f1eab7, type: 3}
      propertyPath: m_LocalScale.z
      value: 0.5
      objectReference: {fileID: 0}
    - target: {fileID: 404772, guid: cd1ff9e92aad8ac4db78b6ffd5f1eab7, type: 3}
      propertyPath: m_LocalScale.x
      value: 0.5
      objectReference: {fileID: 0}
    - target: {fileID: 404772, guid: cd1ff9e92aad8ac4db78b6ffd5f1eab7, type: 3}
      propertyPath: m_LocalScale.y
      value: 0.5
      objectReference: {fileID: 0}
    - target: {fileID: 404772, guid: cd1ff9e92aad8ac4db78b6ffd5f1eab7, type: 3}
      propertyPath: m_LocalScale.z
      value: 0.5
      objectReference: {fileID: 0}
    - target: {fileID: 19849020, guid: cd1ff9e92aad8ac4db78b6ffd5f1eab7, type: 3}
      propertyPath: playOnAwake
      value: 0
      objectReference: {fileID: 0}
    m_RemovedComponents: []
  m_SourcePrefab: {fileID: 100100000, guid: cd1ff9e92aad8ac4db78b6ffd5f1eab7, type: 3}
--- !u!4 &3247742223106142679 stripped
Transform:
  m_CorrespondingSourceObject: {fileID: 441248, guid: cd1ff9e92aad8ac4db78b6ffd5f1eab7,
    type: 3}
  m_PrefabInstance: {fileID: 3247742223105772151}
  m_PrefabAsset: {fileID: 0}
--- !u!1001 &5224169642781152150
PrefabInstance:
  m_ObjectHideFlags: 0
  serializedVersion: 2
  m_Modification:
    m_TransformParent: {fileID: 996876720793947795}
    m_Modifications:
    - target: {fileID: 136674, guid: 8d3a7fbc62f810c43b8c42fdb2978ef4, type: 3}
      propertyPath: m_Name
      value: Hit_04
      objectReference: {fileID: 0}
    - target: {fileID: 136674, guid: 8d3a7fbc62f810c43b8c42fdb2978ef4, type: 3}
      propertyPath: m_IsActive
      value: 1
      objectReference: {fileID: 0}
    - target: {fileID: 468506, guid: 8d3a7fbc62f810c43b8c42fdb2978ef4, type: 3}
      propertyPath: m_LocalPosition.x
      value: 0
      objectReference: {fileID: 0}
    - target: {fileID: 468506, guid: 8d3a7fbc62f810c43b8c42fdb2978ef4, type: 3}
      propertyPath: m_LocalPosition.y
      value: 0
      objectReference: {fileID: 0}
    - target: {fileID: 468506, guid: 8d3a7fbc62f810c43b8c42fdb2978ef4, type: 3}
      propertyPath: m_LocalPosition.z
      value: 0
      objectReference: {fileID: 0}
    - target: {fileID: 468506, guid: 8d3a7fbc62f810c43b8c42fdb2978ef4, type: 3}
      propertyPath: m_LocalRotation.x
      value: -0
      objectReference: {fileID: 0}
    - target: {fileID: 468506, guid: 8d3a7fbc62f810c43b8c42fdb2978ef4, type: 3}
      propertyPath: m_LocalRotation.y
      value: -0
      objectReference: {fileID: 0}
    - target: {fileID: 468506, guid: 8d3a7fbc62f810c43b8c42fdb2978ef4, type: 3}
      propertyPath: m_LocalRotation.z
      value: -0
      objectReference: {fileID: 0}
    - target: {fileID: 468506, guid: 8d3a7fbc62f810c43b8c42fdb2978ef4, type: 3}
      propertyPath: m_LocalRotation.w
      value: 1
      objectReference: {fileID: 0}
    - target: {fileID: 468506, guid: 8d3a7fbc62f810c43b8c42fdb2978ef4, type: 3}
      propertyPath: m_RootOrder
      value: 3
      objectReference: {fileID: 0}
    - target: {fileID: 468506, guid: 8d3a7fbc62f810c43b8c42fdb2978ef4, type: 3}
      propertyPath: m_LocalEulerAnglesHint.x
      value: 0
      objectReference: {fileID: 0}
    - target: {fileID: 468506, guid: 8d3a7fbc62f810c43b8c42fdb2978ef4, type: 3}
      propertyPath: m_LocalEulerAnglesHint.y
      value: 0
      objectReference: {fileID: 0}
    - target: {fileID: 468506, guid: 8d3a7fbc62f810c43b8c42fdb2978ef4, type: 3}
      propertyPath: m_LocalEulerAnglesHint.z
      value: 0
      objectReference: {fileID: 0}
    - target: {fileID: 468506, guid: 8d3a7fbc62f810c43b8c42fdb2978ef4, type: 3}
      propertyPath: m_LocalScale.x
      value: 0.33333334
      objectReference: {fileID: 0}
    - target: {fileID: 468506, guid: 8d3a7fbc62f810c43b8c42fdb2978ef4, type: 3}
      propertyPath: m_LocalScale.y
      value: 500
      objectReference: {fileID: 0}
    - target: {fileID: 468506, guid: 8d3a7fbc62f810c43b8c42fdb2978ef4, type: 3}
      propertyPath: m_LocalScale.z
      value: 0.33333334
      objectReference: {fileID: 0}
    - target: {fileID: 466612, guid: 8d3a7fbc62f810c43b8c42fdb2978ef4, type: 3}
      propertyPath: m_LocalScale.x
      value: 0.5
      objectReference: {fileID: 0}
    - target: {fileID: 466612, guid: 8d3a7fbc62f810c43b8c42fdb2978ef4, type: 3}
      propertyPath: m_LocalScale.y
      value: 0.5
      objectReference: {fileID: 0}
    - target: {fileID: 466612, guid: 8d3a7fbc62f810c43b8c42fdb2978ef4, type: 3}
      propertyPath: m_LocalScale.z
      value: 0.5
      objectReference: {fileID: 0}
    - target: {fileID: 471772, guid: 8d3a7fbc62f810c43b8c42fdb2978ef4, type: 3}
      propertyPath: m_LocalScale.x
      value: 0.5
      objectReference: {fileID: 0}
    - target: {fileID: 471772, guid: 8d3a7fbc62f810c43b8c42fdb2978ef4, type: 3}
      propertyPath: m_LocalScale.y
      value: 0.5
      objectReference: {fileID: 0}
    - target: {fileID: 471772, guid: 8d3a7fbc62f810c43b8c42fdb2978ef4, type: 3}
      propertyPath: m_LocalScale.z
      value: 0.5
      objectReference: {fileID: 0}
    - target: {fileID: 482052, guid: 8d3a7fbc62f810c43b8c42fdb2978ef4, type: 3}
      propertyPath: m_LocalScale.x
      value: 0.5
      objectReference: {fileID: 0}
    - target: {fileID: 482052, guid: 8d3a7fbc62f810c43b8c42fdb2978ef4, type: 3}
      propertyPath: m_LocalScale.y
      value: 0.5
      objectReference: {fileID: 0}
    - target: {fileID: 482052, guid: 8d3a7fbc62f810c43b8c42fdb2978ef4, type: 3}
      propertyPath: m_LocalScale.z
      value: 0.5
      objectReference: {fileID: 0}
    - target: {fileID: 454158, guid: 8d3a7fbc62f810c43b8c42fdb2978ef4, type: 3}
      propertyPath: m_LocalScale.x
      value: 0.5
      objectReference: {fileID: 0}
    - target: {fileID: 454158, guid: 8d3a7fbc62f810c43b8c42fdb2978ef4, type: 3}
      propertyPath: m_LocalScale.y
      value: 0.5
      objectReference: {fileID: 0}
    - target: {fileID: 454158, guid: 8d3a7fbc62f810c43b8c42fdb2978ef4, type: 3}
      propertyPath: m_LocalScale.z
      value: 0.5
      objectReference: {fileID: 0}
    - target: {fileID: 453710, guid: 8d3a7fbc62f810c43b8c42fdb2978ef4, type: 3}
      propertyPath: m_LocalScale.x
      value: 0.5
      objectReference: {fileID: 0}
    - target: {fileID: 453710, guid: 8d3a7fbc62f810c43b8c42fdb2978ef4, type: 3}
      propertyPath: m_LocalScale.y
      value: 0.5
      objectReference: {fileID: 0}
    - target: {fileID: 453710, guid: 8d3a7fbc62f810c43b8c42fdb2978ef4, type: 3}
      propertyPath: m_LocalScale.z
      value: 0.5
      objectReference: {fileID: 0}
    - target: {fileID: 19836898, guid: 8d3a7fbc62f810c43b8c42fdb2978ef4, type: 3}
      propertyPath: playOnAwake
      value: 0
      objectReference: {fileID: 0}
    m_RemovedComponents: []
  m_SourcePrefab: {fileID: 100100000, guid: 8d3a7fbc62f810c43b8c42fdb2978ef4, type: 3}
--- !u!4 &5224169642781488524 stripped
Transform:
  m_CorrespondingSourceObject: {fileID: 468506, guid: 8d3a7fbc62f810c43b8c42fdb2978ef4,
    type: 3}
  m_PrefabInstance: {fileID: 5224169642781152150}
  m_PrefabAsset: {fileID: 0}
--- !u!1001 &7061408727079476450
PrefabInstance:
  m_ObjectHideFlags: 0
  serializedVersion: 2
  m_Modification:
    m_TransformParent: {fileID: 996876720793947795}
    m_Modifications:
    - target: {fileID: 100672, guid: 7dc0b63f67faaf9479803bcfdff7f71e, type: 3}
      propertyPath: m_Name
      value: Hit_01
      objectReference: {fileID: 0}
    - target: {fileID: 100672, guid: 7dc0b63f67faaf9479803bcfdff7f71e, type: 3}
      propertyPath: m_IsActive
      value: 1
      objectReference: {fileID: 0}
    - target: {fileID: 484662, guid: 7dc0b63f67faaf9479803bcfdff7f71e, type: 3}
      propertyPath: m_LocalPosition.x
      value: 0
      objectReference: {fileID: 0}
    - target: {fileID: 484662, guid: 7dc0b63f67faaf9479803bcfdff7f71e, type: 3}
      propertyPath: m_LocalPosition.y
      value: 0
      objectReference: {fileID: 0}
    - target: {fileID: 484662, guid: 7dc0b63f67faaf9479803bcfdff7f71e, type: 3}
      propertyPath: m_LocalPosition.z
      value: 0
      objectReference: {fileID: 0}
    - target: {fileID: 484662, guid: 7dc0b63f67faaf9479803bcfdff7f71e, type: 3}
      propertyPath: m_LocalRotation.x
      value: -0
      objectReference: {fileID: 0}
    - target: {fileID: 484662, guid: 7dc0b63f67faaf9479803bcfdff7f71e, type: 3}
      propertyPath: m_LocalRotation.y
      value: -0
      objectReference: {fileID: 0}
    - target: {fileID: 484662, guid: 7dc0b63f67faaf9479803bcfdff7f71e, type: 3}
      propertyPath: m_LocalRotation.z
      value: -0
      objectReference: {fileID: 0}
    - target: {fileID: 484662, guid: 7dc0b63f67faaf9479803bcfdff7f71e, type: 3}
      propertyPath: m_LocalRotation.w
      value: 1
      objectReference: {fileID: 0}
    - target: {fileID: 484662, guid: 7dc0b63f67faaf9479803bcfdff7f71e, type: 3}
      propertyPath: m_RootOrder
      value: 0
      objectReference: {fileID: 0}
    - target: {fileID: 484662, guid: 7dc0b63f67faaf9479803bcfdff7f71e, type: 3}
      propertyPath: m_LocalEulerAnglesHint.x
      value: 0
      objectReference: {fileID: 0}
    - target: {fileID: 484662, guid: 7dc0b63f67faaf9479803bcfdff7f71e, type: 3}
      propertyPath: m_LocalEulerAnglesHint.y
      value: 0
      objectReference: {fileID: 0}
    - target: {fileID: 484662, guid: 7dc0b63f67faaf9479803bcfdff7f71e, type: 3}
      propertyPath: m_LocalEulerAnglesHint.z
      value: 0
      objectReference: {fileID: 0}
    - target: {fileID: 484662, guid: 7dc0b63f67faaf9479803bcfdff7f71e, type: 3}
      propertyPath: m_LocalScale.x
      value: 0.06666667
      objectReference: {fileID: 0}
    - target: {fileID: 484662, guid: 7dc0b63f67faaf9479803bcfdff7f71e, type: 3}
      propertyPath: m_LocalScale.y
      value: 100
      objectReference: {fileID: 0}
    - target: {fileID: 484662, guid: 7dc0b63f67faaf9479803bcfdff7f71e, type: 3}
      propertyPath: m_LocalScale.z
      value: 0.06666667
      objectReference: {fileID: 0}
    - target: {fileID: 420720, guid: 7dc0b63f67faaf9479803bcfdff7f71e, type: 3}
      propertyPath: m_LocalScale.x
      value: 0.5
      objectReference: {fileID: 0}
    - target: {fileID: 420720, guid: 7dc0b63f67faaf9479803bcfdff7f71e, type: 3}
      propertyPath: m_LocalScale.y
      value: 0.5
      objectReference: {fileID: 0}
    - target: {fileID: 420720, guid: 7dc0b63f67faaf9479803bcfdff7f71e, type: 3}
      propertyPath: m_LocalScale.z
      value: 0.5
      objectReference: {fileID: 0}
    - target: {fileID: 409408, guid: 7dc0b63f67faaf9479803bcfdff7f71e, type: 3}
      propertyPath: m_LocalScale.x
      value: 0.5
      objectReference: {fileID: 0}
    - target: {fileID: 409408, guid: 7dc0b63f67faaf9479803bcfdff7f71e, type: 3}
      propertyPath: m_LocalScale.y
      value: 0.5
      objectReference: {fileID: 0}
    - target: {fileID: 409408, guid: 7dc0b63f67faaf9479803bcfdff7f71e, type: 3}
      propertyPath: m_LocalScale.z
      value: 0.5
      objectReference: {fileID: 0}
    - target: {fileID: 450856, guid: 7dc0b63f67faaf9479803bcfdff7f71e, type: 3}
      propertyPath: m_LocalScale.x
      value: 0.5
      objectReference: {fileID: 0}
    - target: {fileID: 450856, guid: 7dc0b63f67faaf9479803bcfdff7f71e, type: 3}
      propertyPath: m_LocalScale.y
      value: 0.5
      objectReference: {fileID: 0}
    - target: {fileID: 450856, guid: 7dc0b63f67faaf9479803bcfdff7f71e, type: 3}
      propertyPath: m_LocalScale.z
      value: 0.5
      objectReference: {fileID: 0}
    - target: {fileID: 478960, guid: 7dc0b63f67faaf9479803bcfdff7f71e, type: 3}
      propertyPath: m_LocalScale.x
      value: 0.5
      objectReference: {fileID: 0}
    - target: {fileID: 478960, guid: 7dc0b63f67faaf9479803bcfdff7f71e, type: 3}
      propertyPath: m_LocalScale.y
      value: 0.5
      objectReference: {fileID: 0}
    - target: {fileID: 478960, guid: 7dc0b63f67faaf9479803bcfdff7f71e, type: 3}
      propertyPath: m_LocalScale.z
      value: 0.5
      objectReference: {fileID: 0}
    - target: {fileID: 473384, guid: 7dc0b63f67faaf9479803bcfdff7f71e, type: 3}
      propertyPath: m_LocalScale.x
      value: 0.5
      objectReference: {fileID: 0}
    - target: {fileID: 473384, guid: 7dc0b63f67faaf9479803bcfdff7f71e, type: 3}
      propertyPath: m_LocalScale.y
      value: 0.5
      objectReference: {fileID: 0}
    - target: {fileID: 473384, guid: 7dc0b63f67faaf9479803bcfdff7f71e, type: 3}
      propertyPath: m_LocalScale.z
      value: 0.5
      objectReference: {fileID: 0}
    - target: {fileID: 19891704, guid: 7dc0b63f67faaf9479803bcfdff7f71e, type: 3}
      propertyPath: playOnAwake
      value: 0
      objectReference: {fileID: 0}
    m_RemovedComponents: []
  m_SourcePrefab: {fileID: 100100000, guid: 7dc0b63f67faaf9479803bcfdff7f71e, type: 3}
--- !u!4 &7061408727079664084 stripped
Transform:
  m_CorrespondingSourceObject: {fileID: 484662, guid: 7dc0b63f67faaf9479803bcfdff7f71e,
    type: 3}
  m_PrefabInstance: {fileID: 7061408727079476450}
  m_PrefabAsset: {fileID: 0}
